<record><leader>00000cas a2200000 a 4500</leader><controlfield tag="001">11336845</controlfield><controlfield tag="008">841101d18941895ksuwr ne      0   a0eng d</controlfield><datafield ind1=" " ind2=" " tag="010"><subfield code="a">sn 84029998 </subfield></datafield><datafield ind1=" " ind2=" " tag="040"><subfield code="a">KSH</subfield><subfield code="b">eng</subfield><subfield code="c">KSH</subfield><subfield code="d">NPT</subfield><subfield code="d">OCL</subfield><subfield code="d">OCLCQ</subfield></datafield><datafield ind1=" " ind2=" " tag="042"><subfield code="a">msc</subfield></datafield><datafield ind1="0" ind2="0" tag="245"><subfield code="a">Gove County gazette and Gove County echo.</subfield></datafield><datafield ind1="1" ind2="3" tag="246"><subfield code="a">Gove County gazette and echo</subfield><subfield code="f">Oct. 12, 1894-Aug. 9, 1895</subfield></datafield><datafield ind1=" " ind2=" " tag="260"><subfield code="a">Gove City, Kan. :</subfield><subfield code="b">J.L. Cook &amp; Son,</subfield><subfield code="c">1894-1895.</subfield></datafield><datafield ind1=" " ind2=" " tag="300"><subfield code="a">1 v. :</subfield><subfield code="b">ill. ;</subfield><subfield code="c">60 cm.</subfield></datafield><datafield ind1=" " ind2=" " tag="310"><subfield code="a">Weekly</subfield></datafield><datafield ind1="0" ind2=" " tag="362"><subfield code="a">Vol. 9, no. 20 (Aug. 10, 1894)-v. 10, no. 20 (Aug. 9, 1895).</subfield></datafield><datafield ind1=" " ind2=" " tag="752"><subfield code="a">United States</subfield><subfield code="b">Kansas</subfield><subfield code="c">Gove</subfield><subfield code="d">Gove City.</subfield></datafield><datafield ind1="0" ind2="4" tag="780"><subfield code="t">Gove County gazette (Gove City, Kan. : 1892)</subfield><subfield code="w">(DLC)sn 84029973</subfield></datafield><datafield ind1="0" ind2="4" tag="780"><subfield code="t">Gove County echo</subfield><subfield code="w">(DLC)sn 84029970</subfield></datafield><datafield ind1="0" ind2="0" tag="785"><subfield code="t">Gove County gazette (Gove City, Kan. : 1895)</subfield><subfield code="w">(DLC)sn 84029999</subfield></datafield></record>